@ARTICLE{NewmanGirvan2004,
  author  = {Newman, M. E. J. and Girvan, M.},
  title   = {Finding and evaluating community structure in networks},
  journal = {Phys. Rev. E.}, 
  volume  = {69},
  year    = {2004},
  pages   = {026113}
}